@article{gProfInformations,
    author = {Graham, Susan L. and Kessler, Peter B. and Mckusick, Marshall K.},
    title = {Gprof: A Call Graph Execution Profiler},
    year = {1982},
    issue_date = {June 1982},
    publisher = {Association for Computing Machinery},
    address = {New York, NY, USA},
    volume = {17},
    number = {6},
    issn = {0362-1340},
    url = {https://doi.org/10.1145/872726.806987},
    doi = {10.1145/872726.806987},
    journal = {SIGPLAN Not.},
    month = {jun},
    pages = {120–126},
    numpages = {7}
}
@misc{gprofworkflow,
    title = {{GNU} gprof},
    author = {GNU},
    note = {[accessed: 8-February-2022]},
    howpublished = {\url{https://ftp.gnu.org/old-gnu/Manuals/gprof-2.9.1/html_mono/gprof.html}}
}
@misc{GnuLanding,
    title = {{GCC}, the {GNU} Compiler Collection - GNU Project},
    author = {GNU},
    note = {[accessed: 25-January-2022]},
    howpublished = {\url{https://www.gnu.org/software/gcc/}}
}
@article{specifybeforrungprof,
    title={An Overview of Software Performance Analysis Tools and Techniques : From GProf to DTrace},
    journal={Washington University in St. Louis, Tech. Rep},
    author={Justin Thiel},
    year={2006}
}
@misc{ClangLanding,
    title = {{C}lang {C} Language Family Frontend for {LLVM}},
    author = {Clang},
    note = {[accessed: 18-February-2022]},
    howpublished = {\url{https://clang.llvm.org/}}
  
}
@misc{ClangLibTooling,
    title = {LibTooling — {C}lang 15.0.0git documentation},
    author = {Clang},
    note = {[accessed 18-February-2022]},
    howpublished = {\url{https://clang.llvm.org/docs/LibTooling.html}}
}
@misc{ClangTooling,
    title = {Choosing the Right Interface for Your Application — {C}lang 15.0.0git documentation},
    author = {Clang},
    note = {[accessed 12-February-2022]},
    howpublished = {\url{https://clang.llvm.org/docs/Tooling.html}}
}
@inproceedings{schlebushrelwork,
    author={Schlebusch, Fabian and Müller, Yannik and Wienke, Sandra and Miller, Julian and Müller, Matthias S.},
    booktitle={2018 IEEE/ACM 5th Workshop on the LLVM Compiler Infrastructure in HPC (LLVM-HPC)}, 
    title={PInT: Pattern Instrumentation Tool for Analyzing and Classifying HPC Applications}, 
    year={2018},
    volume={},
    number={},
    pages={71-80},
    doi={10.1109/LLVM-HPC.2018.8639275}
}
@article{hueckrelwork,
    author = {Hück, Alexander and Utke, Jean and Bischof, Christian},
    year = {2016},
    month = {12},
    pages = {1485-1496},
    title = {Source Transformation of C++ Codes for Compatibility with Operator Overloading},
    volume = {80},
    journal = {Procedia Computer Science},
    doi = {10.1016/j.procs.2016.05.470}
}
@misc{LLVMLanding,
    title = {The {LLVM} Compiler Infrastructure Project},
    author = {LLVM},
    note = {[accessed 10-February-2022]},
    howpublished = {\url{https://llvm.org/}}
}
@MastersThesis{LLVMInformation,
    author  = {Chris Lattner},
    title   = "{LLVM: An Infrastructure for Multi-Stage Optimization}",
    school  = "{Computer Science Dept., University of Illinois at Urbana-Champaign}",
    year    = {2002},
    address = {Urbana, IL},
    month   = {Dec},
}
@misc{ClangAST,
    title = {Introduction to the {C}lang {AST} — {C}lang 15.0.0git documentation},
    author = {Clang},
    note = {[accessed 20-January-2022]},
    howpublished = {\url{https://clang.llvm.org/docs/IntroductionToTheClangAST.html}}
}
@misc{ClangASTVideo,
    title = {The {C}lang {AST} - a Tutorial},
    author = {Manuel Klimek},
    note = {[accessed 16-January-2022]},
    journal = {2013 European LLVM Conference},
    howpublished = {\url{https://www.youtube.com/watch?v=VqCkCDFLSsc}}
}
@misc{ClangASTVideoNachweis,
    title = {The {LLVM} Compiler Infrastructure Project},
    author = {LLVM},
    note = {[accessed 16-January-2022]},
    howpublished = {\url{https://llvm.org/devmtg/2013-04/#tuto1}}
}
@misc{ClangCheck,
    title = {Clang{C}heck — {C}lang 15.0.0git documentation},
    author = {Clang},
    note = {[accessed 12-February-2022]},
    howpublished = {\url{https://clang.llvm.org/docs/ClangCheck.html}}
}
@InProceedings{LLVMPaper,
     Author  = {Chris Lattner and Vikram Adve},
     Title = {{LLVM}: A Compilation Framework for Lifelong Program 
Analysis and Transformation},
     Booktitle = {CGO},
     Address = {San Jose, CA, USA},
     Month = {Mar},
     Year  = {2004},
     pages = {75--88},
}
@misc{ClangDocs,
    title = {Welcome to {C}lang's documentation! — {C}lang 15.0.0git documentation},
    author = {Clang},
    note = {[accessed 19-February-2022]},
    howpublished = {\url{https://clang.llvm.org/docs/index.html}}
}
@misc{Gtime,
    title = {time(1) - Linux manual page},
    author = {Clang},
    note = {[accessed 15-February-2022]},
    howpublished = {\url{https://man7.org/linux/man-pages/man1/time.1.html}}
}
@misc{PrimeBenchmark,
  title = {GitHub - PlummersSoftwareLLC/Primes: Prime Number Projects in C\#/C++/Python},
  author = {Plummer's Software LLC},
  note = {[accessed 2-February-2022]},
  howpublished = {\url{https://github.com/PlummersSoftwareLLC/Primes}}
}
@misc{ROIPROFILER,
  title = {GitHub - maxhagn/ROIProfilerCPP},
  author = {Maximilian Hagn},
  note = {[accessed 6-May-2022]},
  howpublished = {\url{https://github.com/maxhagn/ROIProfilerCPP}}
}
@misc{ChronoLibrary,
  title = {Date and time utilities - cppreference.com},
  author = {CPP Reference},
  note = {[accessed 15-February-2022]},
  howpublished = {\url{https://en.cppreference.com/w/cpp/chrono}}
}
